@Book{StataCorp2023,
  author = {{StataCorp}},
  city = {College Station, TX},
  publisher = {Stata Press},
  title = {Stata 18 Base Reference Manual},
  year = {2023},
}